@String{CACM= "Communications of the ACM"}
@String{JEE = "Journal of Engineering Education"}
@String{SIGCSE = "Proc. of the 36th SIGCSE Technical Symposium on Computer Science Education"}
@String{SIGCSEBul = "SIGCSE Bulletin"}

@inproceeedings{Beyer03,
	title = "Gender differences in computer science students",
	author = "Sylvia Beyer and Kristina Rynes and Julie Perrault and
		Kelly Hay and Susan Haller",
	booktitle = SIGCSE,
	pages = "49--53",
	year = 2003,
}

@inproceeedings{Beyer05,
	title = "Changes in CS students' attitudes towards CS over time: 
		an examination of gender differences",
	author = "Sylvia Beyer and Michelle DeKeuster and Kathleen Walter 
		and Michelle Colar and Christina Holcomb",
	booktitle = SIGCSE,
	pages = "392--396",
	year = 2005,
}

@misc{borg:99,
  author = {Anita Borg},
  title = {Models for Innovation Bring Women to the Table}, 
  year = {March, 1999},
  url = {http://www.cra.org/CRN/html/9903/expanding/ab.2_2_t.shtml},
}

@article{Aust:02, 
	author = {Debbie Clayton and Teresa Lynch},
	title =  {Ten Years of Strategies to Increase Participation of Women
	in Computing Programs.  The Central Queensland University
	Experience: 1999-2001}, 
	journal = SIGCSEBul,
	volume = {34}, 
	number = {2},
	month = {June},
	year = {2002},
},

@inproceeedings{Cohoon02,
	title ="Recruiting and retaining women in undergraduate computing
	majors",
	author ="J. McGrath Cohoon ",
	booktitle = SIGCSE,
	pages = "48--52",
	year = 2002,
}

@article{cdc:02,
        author = {Janice Cuny and William Aspray},
        title = {Recrutiment and Retention of Women
        Graduate Students in Computer Science and Engineering: results
        of a workshop organized by the Computing Research Association},
        journal = {{ACM} SIGCSE Bulletin},
        volume = {34},
        number = {2},
        month = {June},
        year = {2002},
        },

@misc{curr01,
	key = "The Joint Task Force on Computing Curricula", 
	howpublished = "{IEEE Computing Society} and {Association for 
	Computing Machinery}",
	TITLE = "{C}omputing {C}urricula 2001 - {C}omputer {S}cience",
	Month = "December",
	YEAR = "2001",
	NOTE = "Available at: http://www.computer.org/education/cc2001"
}

@book{Fincher04book,
	author = "Sally Fincher and Marian Petre",
	title = "Computer Science Education Research",
	publisher = "Routledge Falmer",
	year = 2004,
}

@incollection{Fincher04,
	author = {Sally Fincher and Robin Adams},
	title = {Developing engineering education research questions: {W}hat do
	they look like? {H}ow do {I} get one?},
	month = {October},
	year = {2004},
	url = {http://www.cs.kent.ac.uk/pubs/2004/1987},
	booktitle = {Frontiers in Education },
}

@misc{Frechtling02,
	author = "Joy Frechtling",
	title = "The 2002 User-Friendly Handbook for Project Evaluation",
	year = 2002,
	howpublished = "http://www.nsf.gov/pubs/2002/nsf02057/start.htm",
}

@article{Prince04,
        author = "M. Prince",
        title = "Does active learning work? A review of the research",
        journal = JEE,
        year = 2004,
        month = jul,
        pages = "223--231",
}

@techreport{spertus:91,
        author = {Ellen Spertus},
        title = "Why Are There So Few Female Computer Scientists?",
        institution = {{MIT} Artificial Intelligence Laboratory},
	number = {1315},
	month = aug,
        year = {1991},
},


